<record><leader>00000cas a2200000 i 4500</leader><controlfield tag="001">869214114</controlfield><controlfield tag="007">hd a|u---baca</controlfield><controlfield tag="008">140127c19459999fludr nea     0    0spa  </controlfield><datafield ind1=" " ind2=" " tag="010"><subfield code="a">  2013271988</subfield></datafield><datafield ind1=" " ind2=" " tag="040"><subfield code="a">DLC</subfield><subfield code="b">eng</subfield><subfield code="c">DLC</subfield><subfield code="d">OCLCO</subfield><subfield code="d">OCLCF</subfield></datafield><datafield ind1=" " ind2=" " tag="042"><subfield code="a">pcc</subfield></datafield><datafield ind1=" " ind2=" " tag="043"><subfield code="a">s-ag---</subfield></datafield><datafield ind1="0" ind2="0" tag="050"><subfield code="a">Newspaper</subfield></datafield><datafield ind1="0" ind2=" " tag="130"><subfield code="a">Clari&#769;n (Buenos Aires, Argentina)</subfield></datafield><datafield ind1="1" ind2="0" tag="245"><subfield code="a">Clari&#769;n.</subfield></datafield><datafield ind1=" " ind2="1" tag="264"><subfield code="a">[Miami, FL] :</subfield><subfield code="b">Libros Andinos</subfield></datafield><datafield ind1=" " ind2=" " tag="300"><subfield code="a">microfilm reels ;</subfield><subfield code="c">35 mm</subfield></datafield><datafield ind1=" " ind2=" " tag="310"><subfield code="a">Daily</subfield></datafield><datafield ind1=" " ind2=" " tag="336"><subfield code="a">text</subfield><subfield code="b">txt</subfield><subfield code="2">rdacontent</subfield></datafield><datafield ind1=" " ind2=" " tag="337"><subfield code="a">microform</subfield><subfield code="b">h</subfield><subfield code="2">rdamedia</subfield></datafield><datafield ind1=" " ind2=" " tag="338"><subfield code="a">microfilm reel</subfield><subfield code="b">hd</subfield><subfield code="2">rdacarrier</subfield></datafield><datafield ind1="1" ind2=" " tag="362"><subfield code="a">Began Aug. 28, 1945.</subfield></datafield><datafield ind1=" " ind2=" " tag="588"><subfield code="a">Description based on: 19 de octubre de 2003; title from masthead.</subfield></datafield><datafield ind1=" " ind2=" " tag="588"><subfield code="a">Latest issue consulted: An&#771;o LIX, no. 21.020 (19 Julio de 2004).</subfield></datafield><datafield ind1=" " ind2="0" tag="651"><subfield code="a">Buenos Aires (Argentina)</subfield><subfield code="v">Newspapers.</subfield></datafield><datafield ind1=" " ind2="7" tag="655"><subfield code="a">Newspapers.</subfield><subfield code="2">fast</subfield><subfield code="0">(OCoLC)fst01423814</subfield></datafield><datafield ind1=" " ind2="7" tag="651"><subfield code="a">Argentina</subfield><subfield code="z">Buenos Aires.</subfield><subfield code="2">fast</subfield><subfield code="0">(OCoLC)fst01205786</subfield></datafield><datafield ind1=" " ind2=" " tag="752"><subfield code="a">Argentina</subfield><subfield code="d">Buenos Aires.</subfield></datafield><datafield ind1="0" ind2="8" tag="776"><subfield code="i">Reproduction of (manifestation):</subfield><subfield code="s">Clari&#769;n (Buenos Aires , Argentina)</subfield><subfield code="t">Clari&#769;n</subfield><subfield code="d">Buenos Aires, Argentina</subfield><subfield code="w">(DLC)sn 93049548</subfield><subfield code="w">(OCoLC)28916675</subfield></datafield><datafield ind1="4" ind2="1" tag="856"><subfield code="u">http://www.clarin.com/</subfield></datafield></record>